@Misc{2008,
  doi = {10.1111/ijs.2008.3.issue-s1},
  url = {https://doi.org/10.1111/ijs.2008.3.issue-s1},
  year = {2008},
  month = {sep},
  publisher = {{SAGE} Publications},
  volume = {3},
}

@Article{Adeoye_2014,
  doi = {10.1161/strokeaha.114.006293},
  url = {https://doi.org/10.1161/strokeaha.114.006293},
  year = {2014},
  month = {oct},
  publisher = {Ovid Technologies (Wolters Kluwer Health)},
  volume = {45},
  number = {10},
  pages = {3019--3024},
  author = {Opeolu Adeoye and Karen C. Albright and Brendan G. Carr and Catherine Wolff and Micheal T. Mullen and Todd Abruzzo and Andrew Ringer and Pooja Khatri and Charles Branas and Dawn Kleindorfer},
  title = {Geographic Access to Acute Stroke Care in the United States},
  journal = {Stroke},
}

@Article{Milne_2017,
  doi = {10.1161/strokeaha.116.015321},
  url = {https://doi.org/10.1161/strokeaha.116.015321},
  year = {2017},
  month = {mar},
  publisher = {Ovid Technologies (Wolters Kluwer Health)},
  volume = {48},
  number = {3},
  pages = {791--794},
  author = {Matthew S.W. Milne and Jessalyn K. Holodinsky and Michael D. Hill and Anders Nygren and Chao Qiu and Mayank Goyal and Noreen Kamal},
  title = {Drip `n Ship Versus Mothership for Endovascular Treatment},
  journal = {Stroke},
}

@Article{Pebesma_2018,
  author = {Edzer Pebesma},
  title = {{Simple Features for R: Standardized Support for Spatial
          Vector Data}},
  year = {2018},
  journal = {{The R Journal}},
  url = {https://journal.r-project.org/archive/2018/RJ-2018-009/index.html},
}

@Article{Phan_2017,
  doi = {10.1161/strokeaha.116.015323},
  url = {https://doi.org/10.1161/strokeaha.116.015323},
  year = {2017},
  month = {may},
  publisher = {Ovid Technologies (Wolters Kluwer Health)},
  volume = {48},
  number = {5},
  pages = {1353--1361},
  author = {Thanh G. Phan and Richard Beare and Jian Chen and Benjamin Clissold and John Ly and Shaloo Singhal and Henry Ma and Velandai Srikanth},
  title = {Googling Service Boundaries for Endovascular Clot Retrieval Hub Hospitals in a Metropolitan Setting},
  journal = {Stroke},
}

@Manual{R_Core_Team_2018,
  title = {R: A Language and Environment for Statistical Computing},
  author = {{R Core Team}},
  organization = {R Foundation for Statistical Computing},
  address = {Vienna, Austria},
  year = {2018},
  url = {https://www.R-project.org/},
}
