@Misc{2008,
  doi = {10.1111/ijs.2008.3.issue-s1},
  url = {https://doi.org/10.1111/ijs.2008.3.issue-s1},
  year = {2008},
  month = {sep},
  publisher = {{SAGE} Publications},
  volume = {3},
}

@Article{Adeoye_2014,
  doi = {10.1161/strokeaha.114.006293},
  url = {https://doi.org/10.1161/strokeaha.114.006293},
  year = {2014},
  month = {oct},
  publisher = {Ovid Technologies (Wolters Kluwer Health)},
  volume = {45},
  number = {10},
  pages = {3019--3024},
  author = {Opeolu Adeoye and Karen C. Albright and Brendan G. Carr and Catherine Wolff and Micheal T. Mullen and Todd Abruzzo and Andrew Ringer and Pooja Khatri and Charles Branas and Dawn Kleindorfer},
  title = {Geographic Access to Acute Stroke Care in the United States},
  journal = {Stroke},
}

@Article{Milne_2017,
  doi = {10.1161/strokeaha.116.015321},
  url = {https://doi.org/10.1161/strokeaha.116.015321},
  year = {2017},
  month = {mar},
  publisher = {Ovid Technologies (Wolters Kluwer Health)},
  volume = {48},
  number = {3},
  pages = {791--794},
  author = {Matthew S.W. Milne and Jessalyn K. Holodinsky and Michael D. Hill and Anders Nygren and Chao Qiu and Mayank Goyal and Noreen Kamal},
  title = {Drip `n Ship Versus Mothership for Endovascular Treatment},
  journal = {Stroke},
}

@Article{Pebesma_2018,
  author = {Edzer Pebesma},
  title = {{Simple Features for R: Standardized Support for Spatial
          Vector Data}},
  year = {2018},
  journal = {{The R Journal}},
  url = {https://journal.r-project.org/archive/2018/RJ-2018-009/index.html},
}

@Article{Phan_2017,
  doi = {10.1161/strokeaha.116.015323},
  url = {https://doi.org/10.1161/strokeaha.116.015323},
  year = {2017},
  month = {may},
  publisher = {Ovid Technologies (Wolters Kluwer Health)},
  volume = {48},
  number = {5},
  pages = {1353--1361},
  author = {Thanh G. Phan and Richard Beare and Jian Chen and Benjamin Clissold and John Ly and Shaloo Singhal and Henry Ma and Velandai Srikanth},
  title = {Googling Service Boundaries for Endovascular Clot Retrieval Hub Hospitals in a Metropolitan Setting},
  journal = {Stroke},
}

@Manual{R_Core_Team_2018,
  title = {R: A Language and Environment for Statistical Computing},
  author = {{R Core Team}},
  organization = {R Foundation for Statistical Computing},
  address = {Vienna, Austria},
  year = {2018},
  url = {https://www.R-project.org/},
}

@article{sanner1999python,
  title={Python: a programming language for software integration and development},
  author={Sanner, Michel F and others},
  journal={J Mol Graph Model},
  volume={17},
  number={1},
  pages={57--61},
  year={1999}
}


@misc{us_census_bureau_decennial,
	title = {Decennial census - history - u. {S}. {Census} bureau},
	url = {https://www.census.gov/history/www/programs/demographic/decennial_census.html},
	abstract = {The U.S. Constitution requires that a census of the population be taken every 10 years.},
	language = {EN-US},
	urldate = {2019-02-19TZ},
	author = {US Census Bureau, Census History Staff}
}

@misc{us_census_bureau_acs,
	title = {American community survey({Acs})},
	url = {https://www.census.gov/programs-surveys/acs},
	abstract = {The American Community Survey is the premier source for information about America's changing population, housing and workforce.},
	language = {EN-US},
	urldate = {2019-02-19TZ},
	author = {Bureau, US Census}
}

@misc{us_census_tiger_line,
	title = {Tiger/line® shapefiles and tiger/line® files},
	url = {https://www.census.gov/geo/maps-data/data/tiger-line.html},
	abstract = {Access to the TIGER/Line® Shapefiles and TIGER/Line® File products for use in a GIS.},
	language = {EN-US},
	urldate = {2019-02-19TZ},
	author = {Geography, US Census Bureau}
}


@misc{eurostat,
	title = {{GISCO} A {Geographic} information system of the {Commission}},
	url = {https://ec.europa.eu/eurostat/web/products-catalogues/-/KS-04-14-908},
	abstract = {This leaflet presents information on GISCO a permanent service of Eurostat whose goal is to promote and stimulate the use of geographic information within the European Statistical System and the European Commission.},
	language = {en-GB},
	urldate = {2019-02-10TZ},
	author = {{Eurostat}},
	doi = {10.2785/58916},
	note = {publisher: European Union}
}

@article{Lahti2017,
  title   = "Retrieval and analysis of Eurostat open data with the eurostat
             package",
  author  = "Lahti, Leo and Huovari, Janne and Kainu, Markus and Biecek,
             Przemys{\l}aw",
  journal = "The R journal",
  volume  =  9,
  number  =  1,
  pages   = "385--392",
  year    =  2017
}

@Manual{opencage,
    title = {opencage: Interface to the OpenCage API},
    author = {Maëlle Salmon},
    year = {2018},
    note = {R package version 0.1.4},
    url = {https://CRAN.R-project.org/package=opencage},
  }


@article{thrift_stroke_2000,
	title = {Stroke incidence on the east coast of australia: the north east melbourne stroke incidence study({Nemesis})},
	volume = {31},
	issn = {1524-4628},
	language = {eng},
	number = {9},
	journal = {Stroke},
	author = {Thrift, A. G. and Dewey, H. M. and Macdonell, R. A. and McNeil, J. J. and Donnan, G. A.},
	month = sep,
	year = {2000},
	pmid = {10978034},
	pages = {2087--2092}
}


@misc{insee,
	title = {Résultats de la recherche {\textbar} {Insee}},
	url = {https://www.insee.fr/en/statistiques},
	abstract = {Recherchez vos statistiques par thème, niveau géographique, catégorie ou collection},
	urldate = {2019-02-19TZ}
}

@misc{destatis,
	title = {Homepage-federal statistical office({Destatis})},
	url = {https://www.destatis.de/EN/Homepage.html},
	abstract = {Homepage of the Federal Statistical Office of Germany},
	urldate = {2019-02-19TZ}
}

@misc{swiss-bfs,
	title = {Federal statistical office},
	url = {https://www.bfs.admin.ch/bfs/en/home.html},
	abstract = {The Swiss Federal Statistical Office is the national competence centre for official statistics in Switzerland.},
	language = {en},
	urldate = {2019-02-19TZ},
	author = {Office, Federal Statistical}
}
